@INPROCEEDINGS{9519024,
  author={Mikofski, Mark A. and Kharait, Rounak},
  booktitle={2021 IEEE 48th Photovoltaic Specialists Conference (PVSC)}, 
  title={Comparison of Predicted PV System Performance with SURFRAD versus TMY}, 
  year={2021},
  volume={},
  number={},
  pages={2155-2159},
  doi={10.1109/PVSC43889.2021.9519024}}
